@CONFERENCE{v8highperformance,
  author = {Mads Ager},
  title = {Google {I}/{O} 2009 -- {V}8: {H}igh {P}erformance {J}avaScript {E}ngine},
  year = {2009},
  owner = {Sebastian Poreba},
  timestamp = {2013.09.07}
}

@ARTICLE{socialgames2012,
  author = {casualconnect.org},
  title = {{S}ocial {N}etwork {G}ames 2012 {C}asual {G}ames {S}ector {R}eport},
  year = {2013},
  owner = {Sebastian Poreba},
  timestamp = {2013.09.17}
}

@CONFERENCE{breakingjsspeedlimit,
  author = {Daniel Clifford},
  title = {Google {I}/{O} 2012 -- {B}reaking the {J}avaScript {S}peed {L}imit with {V}8},
  year = {2012},
  owner = {Sebastian Poreba},
  timestamp = {2013.09.07}
}

@ELECTRONIC{atourofv8,
  author = {Jay Conrod},
  title = {A tour of {V}8: full compiler},
  howpublished = "\url{http://www.jayconrod.com/posts/51/a-tour-of-v8-full-compiler}",
  owner = {Sebastian Poreba},
  timestamp = {2013.09.07}
}

@BOOK{goodparts,
  title = {JavaScript: {T}he {G}ood {P}arts},
  publisher = {O'Reilly},
  year = {2008},
  author = {Douglas Crockford},
  owner = {Sebastian Poreba},
  timestamp = {2013.09.07}
}

@ELECTRONIC{theraceforspeed,
  author = {John Dalziel},
  title = {The race for speed series},
  howpublished = "\url{http://creativejs.com/2013/06/the-race-for-speed-part-1-the-javascript-engine-family-tree/}",
  owner = {Sebastian Poreba},
  timestamp = {2013.09.07}
}

@ELECTRONIC{egorov,
  author = {Vyacheslav Egorov},
  title = {Series of articles on {V}8},
  howpublished = "\url{http://mrale.ph/blog/}",
  owner = {Sebastian Poreba},
  timestamp = {2013.09.07}
}

@CONFERENCE{understandingv8,
  author = {Vyacheslav Egorov},
  title = {Understanding {V}8},
  year = {2011},
  owner = {Sebastian Poreba},
  timestamp = {2013.09.07}
}

@BOOK{realtimecollisiondetection,
  title = {Real-{T}ime {C}ollision {D}etection},
  publisher = {CRC Press},
  year = {2004},
  author = {Christer Ericson},
  owner = {Sebastian Poreba},
  timestamp = {2013.09.07}
}

@ELECTRONIC{floitsch,
  author = {Florian Loitsch},
  title = {Optimizing fo {V}8 series},
  howpublished = "\url{http://floitsch.blogspot.com/}",
  owner = {Sebastian Poreba},
  timestamp = {2013.09.07}
}

@BOOK{gamephysicsenginedev,
  title = {Game physics engine development},
  publisher = {CRC Press},
  year = {2010},
  author = {Ian Millington},
  owner = {Sebastian Poreba},
  timestamp = {2013.09.07}
}

@ELECTRONIC{asmjsresig,
  author = {John Resig},
  title = {Asm.js: {T}he {J}avaScript {C}ompile {T}arget},
  howpublished = "\url{http://ejohn.org/blog/asmjs-javascript-compile-target/}",
  owner = {Sebastian Poreba},
  timestamp = {2013.09.12}
}

@CONFERENCE{fromconsoletochrome,
  author = {Lilli Thompson},
  title = {{G}{D}{C} 2012: {F}rom {C}onsole to {C}hrome},
  year = {2012},
  owner = {Sebastian Poreba},
  timestamp = {2013.09.07}
}

@BOOK{casualgamedesign,
  title = {Casual {G}ame {D}esign: {D}esigning {P}lay for the {G}amer in {A}LL of {U}s},
  publisher = {CRC Press},
  year = {2010},
  author = {Gregory Trefry},
  owner = {Sebastian Poreba},
  timestamp = {2013.09.15}
}

@CONFERENCE{asmjsjsdc,
  author = {Vladimir Vukicevic},
  title = {JavaScript {D}evelopers {C}onference {T}aiwan 2013 -- {H}igh performance games
	and more in {J}avaScript with asm.js},
  year = {2013},
  owner = {Sebastian Poreba},
  timestamp = {2013.09.13}
}

@ELECTRONIC{andywingo,
  author = {Andy Wingo},
  title = {Series of articles on {V}8},
  howpublished = "\url{http://wingolog.org/tags/v8}",
  owner = {Sebastian Poreba},
  timestamp = {2013.09.07}
}

@BOOK{highperformancejavascript,
  title = {High {P}erformance {J}avaScript},
  publisher = {O'Reilly},
  year = {2010},
  author = {Nicholas C. Zakas},
  owner = {Sebastian Poreba},
  timestamp = {2013.09.07}
}

@ELECTRONIC{gta,
  title = {G{T}{A} {V} dev costs over \$137 million, says analyst},
  howpublished = "\url{http://www.gamesindustry.biz/articles/2013-02-01-gta-v-dev-costs-over-USD137-million-says-analyst}",
  owner = {Sebastian Poreba},
  timestamp = {2013.09.17}
}

@ELECTRONIC{smartphones,
  title = {Gartner {S}ays {W}orldwide {P}{C}, {T}ablet and {M}obile {P}hone {C}ombined {S}hipments
	to {R}each 2.4 {B}illion {U}nits in 2013},
  howpublished = "\url{http://www.gartner.com/newsroom/id/2408515}",
  owner = {Sebastian Poreba},
  timestamp = {2013.09.17}
}

@ELECTRONIC{spherescollision,
  title = {Pool {H}all {L}essons: {F}ast, {A}ccurate {C}ollision {D}etection {B}etween {C}ircles
	or {S}pheres},
  howpublished = "\url{http://www.gamasutra.com/view/feature/131424/pool\_hall\_lessons\_fast\_accurate\_.php}",
  owner = {Sebastian Poreba},
  timestamp = {2013.09.17}
}

@ELECTRONIC{v8designdoc,
  title = {V8 documentation},
  howpublished = "\url{https://developers.google.com/v8/design}",
  owner = {Sebastian Poreba},
  timestamp = {2013.09.07}
}
